@article{scikit-learn,
 title={Scikit-learn: Machine Learning in {P}ython},
 author={Pedregosa, F. and Varoquaux, G. and Gramfort, A. and Michel, V.
         and Thirion, B. and Grisel, O. and Blondel, M. and Prettenhofer, P.
         and Weiss, R. and Dubourg, V. and Vanderplas, J. and Passos, A. and
         Cournapeau, D. and Brucher, M. and Perrot, M. and Duchesnay, E.},
 journal={Journal of Machine Learning Research},
 volume={12},
 pages={2825--2830},
 year={2011}
}

@inproceedings{pennington2014glove,
  author = {Jeffrey Pennington and Richard Socher and Christopher D. Manning},
  booktitle = {Empirical Methods in Natural Language Processing (EMNLP)},
  title = {GloVe: Global Vectors for Word Representation},
  year = {2014},
  pages = {1532--1543},
  url = {http://www.aclweb.org/anthology/D14-1162},
}

@ARTICLE{2013arXiv1301.3781M,
       author = {{Mikolov}, Tomas and {Chen}, Kai and {Corrado}, Greg and {Dean}, Jeffrey},
        title = "{Efficient Estimation of Word Representations in Vector Space}",
      journal = {arXiv e-prints},
     keywords = {Computer Science - Computation and Language},
         year = "2013",
        month = "Jan",
          eid = {arXiv:1301.3781},
        pages = {arXiv:1301.3781},
archivePrefix = {arXiv},
       eprint = {1301.3781},
 primaryClass = {cs.CL},
       adsurl = {https://ui.adsabs.harvard.edu/abs/2013arXiv1301.3781M},
      adsnote = {Provided by the SAO/NASA Astrophysics Data System}
}

@misc{word2vec,
  author = {Daniel Rodriguez (danielfrg)},
  title = {word2vec},
  year = {2018},
  publisher = {GitHub},
  journal = {GitHub repository},
  howpublished = {\url{https://github.com/danielfrg/word2vec}},
  commit = {762200acec2941a030abed69e946838af35eb2ae}
}

book{BirdKleinLoper09,
  author = {Steven Bird and Ewan Klein and Edward Loper},
  title = {{Natural Language Processing with Python}},
  publisher = {O'Reilly Media},
  year = 2009
}

@article{vader,
	Author = {Hutto, C.J. and Gilbert, E.E.},
	Date-Added = {2019-12-18 09:33:43 +0100},
	Date-Modified = {2019-12-18 09:34:45 +0100},
	Journal = {Eighth International Conference on Weblogs and Social Media (ICWSM-14)},
	Title = {VADER: A Parsimonious Rule-based Model for Sentiment Analysis of Social Media Text.},
	Year = {Ann Arbor, MI, June 2014.}}
	
@book{nltk,
    author = {Bird, Steven, Edward Loper and Ewan Klein}, 
    title = {{Natural Language Processing with Python}},
    publisher = {Oâ€™Reilly Media Inc.},
    year = 2009
}

@article{BERT_paper,
  title={BERT: Pre-training of Deep Bidirectional Transformers for Language Understanding},
  author={Devlin, Jacob and Chang, Ming-Wei and Lee, Kenton and Toutanova, Kristina},
  journal={arXiv preprint arXiv:1810.04805},
  year={2018}
}

@misc{BERT_preprocessing, 
    author = {Chris McCormick},
    title =  {BERT Word Embeddings Tutorial},
    publisher = {mccormickml},
    howpublished = {\url{https://mccormickml.com/2019/05/14/BERT-word-embeddings-tutorial/#2-input-formatting}}
}

@misc{chollet2015keras,
  title={Keras},
  author={Chollet, Fran\c{c}ois and others},
  year={2015},
  howpublished={\url{https://keras.io}},
}